<?xml version="1.0" encoding="UTF-8"?><collection xmlns="http://www.loc.gov/MARC21/slim"><record><leader>00499nam--2200181-u-4500</leader><controlfield tag="001">000053046</controlfield><controlfield tag="002">20161230</controlfield><controlfield tag="005">20161230201050</controlfield><controlfield tag="008">110103s1000------------r-----000-0-eng-d</controlfield><datafield ind1=" " ind2=" " tag="020"><subfield code="a">0878496319</subfield></datafield><datafield ind1=" " ind2=" " tag="040"><subfield code="a">IFIN-HH</subfield></datafield><datafield ind1=" " ind2=" " tag="080"><subfield code="a">539.219.3(529.23:54.31)</subfield></datafield><datafield ind1="1" ind2=" " tag="100"><subfield code="a">Murch, Graeme E</subfield></datafield><datafield ind1="1" ind2="0" tag="245"><subfield code="a">Diffusion in solids unsolved problems</subfield><subfield code="c">GRAEME E. MURCH (Ed.)</subfield></datafield><datafield ind1=" " ind2=" " tag="260"><subfield code="a">Brookfield</subfield><subfield code="b">Trans Tech Publications Ltd</subfield><subfield code="c">1992</subfield></datafield><datafield ind1=" " ind2=" " tag="300"><subfield code="a">282P</subfield></datafield><datafield ind1=" " ind2=" " tag="852"><subfield code="a">80972</subfield><subfield code="c">538.9</subfield></datafield><datafield ind1=" " ind2=" " tag="CAT"><subfield code="a">Sys</subfield><subfield code="c">20110103</subfield><subfield code="h">160242</subfield></datafield></record></collection>